
@article{definetti_probabilism,
  author = {Bruno de Finetti},
  title = {Probabilism: A Critical Essay on the Theory of Probability},
  journal = {The British Journal for the Philosophy of Science},
  year = {1989},
  volume = {40},
  number = {1},
  pages = {1--29}
}

@book{lindley_uncertainty,
  author = {Dennis V. Lindley},
  title = {Understanding Uncertainty},
  publisher = {Wiley},
  year = {2006}
}

@book{jaynes_logic,
  author = {E. T. Jaynes},
  title = {Probability Theory: The Logic of Science},
  publisher = {Cambridge University Press},
  year = {2003}
}

@article{caves_qcertainty,
  author = {Carlton M. Caves and Christopher A. Fuchs and R"{u}diger Schack},
  title = {Subjective Probability and Quantum Certainty},
  journal = {Studies in History and Philosophy of Modern Physics},
  volume = {38},
  pages = {255--274},
  year = {2002}
}

@article{jeffrey_bayesianism,
  author = {Richard Jeffrey},
  title = {Bayesianism with a Human Face},
  journal = {Philosophy of Science},
  volume = {57},
  number = {1},
  pages = {147--162},
  year = {1990}
}

@article{schack_fourperspectives,
  author = {R"{u}diger Schack},
  title = {Quantum Theory from Four Personal Perspectives},
  journal = {Foundations of Physics},
  volume = {31},
  pages = {1551--1561},
  year = {2001}
}

@misc{preskill_notes,
  author = {John Preskill},
  title = {Lecture Notes for Physics 229: Quantum Information and Computation},
  year = {1998},
  note = {Chapters 1–3 available online at http://theory.caltech.edu/~preskill/ph229}
}

@book{peres_qtcm,
  author = {Asher Peres},
  title = {Quantum Theory: Concepts and Methods},
  publisher = {Kluwer},
  year = {1995}
}

@incollection{aharonov_twostate,
  author = {Yakir Aharonov and Lev Vaidman},
  title = {The Two-State Vector Formalism: An Updated Review},
  booktitle = {Time in Quantum Mechanics},
  editor = {J.G. Muga, R. Sala Mayato, I.L. Egusquiza},
  publisher = {Springer},
  year = {2002},
  pages = {369--412}
}

@article{good_rational,
  author = {I. J. Good},
  title = {Rational Decisions},
  journal = {Journal of the Royal Statistical Society. Series B},
  volume = {14},
  number = {1},
  pages = {107--114},
  year = {1952}
}

@book{savage_foundations,
  author = {Leonard J. Savage},
  title = {The Foundations of Statistics},
  publisher = {Wiley},
  year = {1954}
}

@book{cramer_statistics,
  author = {Harald Cramér},
  title = {Mathematical Methods of Statistics},
  publisher = {Princeton University Press},
  year = {1946}
}

@book{epstein_piccione,
  author = {Richard A. Epstein and Michele Piccione},
  title = {How to Gamble If You Must: Inequalities for Stochastic Processes},
  publisher = {Academic Press},
  year = {1977}
}

@article{lindley_games,
  author = {Dennis V. Lindley},
  title = {Subjective Probability and the Theory of Games},
  journal = {The Review of Economic Studies},
  volume = {18},
  number = {2},
  pages = {109--121},
  year = {1951}
}

@book{definetti_tp1,
  author = {Bruno de Finetti},
  title = {Theory of Probability, Volume 1},
  publisher = {Wiley},
  year = {1974}
}

@article{appleby_clifford,
  author = {Marcus Appleby},
  title = {Symmetric Informationally Complete POVMs and the Extended Clifford Group},
  journal = {Journal of Mathematical Physics},
  volume = {46},
  number = {5},
  pages = {052107},
  year = {2005}
}

@article{appleby_frame,
  author = {Marcus Appleby},
  title = {The SIC POVM as a Quantum Frame},
  journal = {Foundations of Physics},
  volume = {37},
  pages = {1474--1492},
  year = {2007}
}

@misc{fuchs_qbism,
  author = {Christopher A. Fuchs},
  title = {QBism, the Perimeter of Quantum Bayesianism},
  note = {arXiv:1003.5209},
  year = {2010}
}

@article{fuchs_mermin_schack_qbism,
  author = {Christopher A. Fuchs and N. David Mermin and R"{u}diger Schack},
  title = {An Introduction to QBism with an Application to the Locality of Quantum Mechanics},
  journal = {American Journal of Physics},
  volume = {82},
  number = {8},
  pages = {749--754},
  year = {2014}
}

@book{bengtsson_geometry,
  author = {Ingemar Bengtsson and Karol Życzkowski},
  title = {Geometry of Quantum States},
  publisher = {Cambridge University Press},
  year = {2006}
}
